@MANUAL{Heus2009,
  title = {Dutch Atmospheric Large Eddy Simulation: user manual},
  author = {Heus, T. and van Heerwaarden, C. and van der Dussen, J.},
  month = {November},
  year = {2009},
  owner = {ouwer002},
  timestamp = {2009.11.30}
}

@ARTICLE{Businger1971,
  author = {Businger, J.A., and J.C. Wyngaard and Y. Izumi and E.F. Bradley},
  title = {Flux-profile relationships in the atmospheric surface layer},
  journal = {Journal of the Atmospheric Sciences},
  year = {1971},
  volume = {28},
  pages = {181-189},
  owner = {johan},
  timestamp = {2009.03.02}
}

@ARTICLE{Deardorff1980,
  author = {Deardorff, J.W.},
  title = {Cloud top entrainment instability},
  journal = {Journal of the Atmospheric Sciences},
  year = {1980},
  volume = {37},
  pages = {131-147},
  owner = {johan},
  timestamp = {2009.02.18}
}

@ARTICLE{Dyer1974,
  author = {Dyer, A.J.},
  title = {A review of flux-profile relationships},
  journal = {Boundary-Layer Meteorology},
  year = {1974},
  volume = {7},
  pages = {363-372},
  owner = {johan},
  timestamp = {2009.03.02}
}

@ARTICLE{Hogstrom1988,
  author = {Hogstrom, U.},
  title = {Non-dimensional wind and temperature profiles in the atmospheric
	surface layer: a re-evaluation},
  journal = {Boundary-Layer Meteorology},
  year = {1988},
  volume = {42},
  pages = {55-78},
  owner = {johan},
  timestamp = {2009.03.02}
}

@ARTICLE{Hundsdorfer1995,
  author = {Hundsdorfer, W., and B. Koren and M. van Loon and J.G. Verwer},
  title = {A positive finite-difference advection scheme},
  journal = {Journal of Computational Physics},
  year = {1995},
  volume = {117},
  pages = {35-46},
  owner = {johan},
  timestamp = {2009.02.18}
}

@ARTICLE{Khairoutdinov2000,
  author = {Khairoutdinov, M., and Y. Kogan},
  title = {A new cloud physics parametrization in a large-eddy simulation model
	of marine stratocumulus},
  journal = {Monthly Weather Review},
  year = {2000},
  volume = {128},
  pages = {229-243},
  owner = {johan},
  timestamp = {2009.02.16}
}

@BOOK{Pielke1984,
  title = {Mesoscale Meteorological Modeling},
  publisher = {Elsevier, New York},
  year = {1984},
  author = {Pielke, R.A.},
  owner = {johan},
  timestamp = {2009.03.02}
}

@ARTICLE{Schmidt1989,
  author = {Schmidt, H., and U. Schumann},
  title = {Coherent structure of the convective boundary layer derived from
	large-eddy simulations},
  journal = {Journal of Fluid Mechanics},
  year = {1989},
  volume = {200},
  pages = {511-562},
  owner = {johan},
  timestamp = {2009.02.18}
}

@ARTICLE{Seifert2008,
  author = {Seifert, A.},
  title = {On the parameterization of evaporation of raindrops as simulated
	by a one-dimensional rainshaft model},
  journal = {Journal of the Atmospheric Sciences},
  year = {2008},
  volume = {65},
  pages = {3608-3619},
  owner = {johan},
  timestamp = {2009.02.16}
}

@ARTICLE{Seifert2006,
  author = {Seifert, A., and K.D. Beheng},
  title = {A two-moment cloud microphysics parameterization for mixed-phase
	clouds. Part 1:Model description},
  journal = {Meteorology and Atmospheric Physics},
  year = {2006},
  volume = {92},
  pages = {45-66},
  owner = {johan},
  timestamp = {2009.02.16}
}

@ARTICLE{Seifert2001,
  author = {Seifert, A., and K.D. Beheng},
  title = {A double-moment parameterization for simulating autoconversion, accretion
	and selfcollection},
  journal = {Atmospheric Research},
  year = {2001},
  volume = {59-60},
  pages = {265-281},
  owner = {johan},
  timestamp = {2009.02.16}
}

@ARTICLE{Sommeria1977,
  author = {Sommeria, G., and J.W. Deardorff},
  title = {Subgrid-scale condensation in models of nonprecipitating clouds},
  journal = {Journal of the Atmospheric Sciences},
  year = {1977},
  volume = {34},
  pages = {344-355},
  owner = {johan},
  timestamp = {2009.02.18}
}

@ARTICLE{Stevens2008,
  author = {Stevens, B., and A. Seifert},
  title = {Understanding macrophysical outcomes of microphysical choices in
	simulations of shallow cumulus convection},
  journal = {Journal of the Meteorological Society of Japan},
  year = {2008},
  volume = {86A},
  pages = {143-162},
  owner = {johan},
  timestamp = {2009.02.16}
}

@ARTICLE{Wicker2002,
  author = {Wicker, L.J., and W.C. Skamarock},
  title = {Time-splitting methods for elastic models using forward time schemes},
  journal = {Monthly Weather Review},
  year = {2002},
  volume = {130},
  pages = {2088-2097},
  owner = {johan},
  timestamp = {2009.02.18}
}